@book{sossinsky,
    author = {Sossinsky, A.B.},
    title = {Knots, links and their invariants: an elementary course in contemporary knot theory},
    publisher = {American Mathematical Society},
    year = {2023},
    langid    = {english}
}

@book{prasolov-sossinsky,
    author = {В.В.Прасолов and A.Б.Сосинский},
    title = {Узлы, зацепления, косы и трехмерные многообразия},
    publisher = {МЦНМО},
    year = {1997},
    langid    = {russian}
}

@article{kauffman,
    author = {Kauffman, L.H.},
    title = {State models and the Jones polynomial},
    journal = {Topology},
    year = {1987},
    volume = {26},
    number = {3},
    pages = {395--407},
    DOI =  {10.1016/0040-9383(87)90009-7},
    langid    = {english}
}

@article{khovanov,
    author = {Mikhail Khovanov},
    title = {A categorification of the Jones polynomial},
    journal = {Duke Mathematical Journal},
    year = {2000},
    volume = {101},
    number = {3},
    pages = {359--426},
    langid    = {english},
    DOI = {https://doi.org/10.48550/arXiv.math/9908171}
}

@article{bar-natan,
    author = {Dror Bar-Natan},
    title = {On Khovanov’s categorification of the Jones polynomial},
    journal = {Algebraic \& Geometric Topology},
    year = {2002},
    volume = {2},
    issue = {1},
    pages = {337--370},
    langid    = {english},
    DOI = {10.2140/agt.2002.2.337}
}